@book{optics,
        author = {P.K. Chakrabarti},
        title = {Geometrical and Physical Optics},
        year = {1997},
        publisher = {New Central Book Agency}
}
@book{principles,
        author = {David Halliday and Robert Resnick and Jearl Walker},
        title = {Principles of Physics},
        year = {2011},
        publisher = {Wiley India}
}
