@book{hatcher,
    title = {Algebraic Topology},
    author = {Allen Hatcher},
    year = {2002},
    publisher = {Cambridge University Press},
}

@article{maskit,
    author = {Bernard Maskit},
    title = "{On Poincar\'e's Theorem for Fundamental Polygons}",
    journal = "Advances in Mathematics",
    volume = "7",
    pages = "219--230",
    year = "1971"
}
