@book{rockafellar-1970,
        ISBN = {9780691015866},
        author = {R. Tyrrell Rockafellar},
        publisher = {Princeton University Press},
        title = {Convex Analysis},
        year = {1970}
}

@book{boyd-vandenberghe-2004,
        place={Cambridge},
        title={Convex Optimization},
        publisher={Cambridge University Press},
        author={Boyd, Stephen and Vandenberghe, Lieven},
        year={2004}
}

@book{nesterov-2018,
        author = {Nesterov, Yurii},
        title = {Lectures on Convex Optimization},
        year = {2018},
        publisher = {Springer Publishing Company, Incorporated},
}
