@unpublished {king,
        author = "James King",
        title = "Origami-Constructible Numbers",
        year = "2004",
}

@book {dummitfoote,
        author = "Dummit, David S. and Foote, Richard M.",
        title = "Abstract Algebra",
}
